<?xml version="1.0" encoding="UTF-8"?><collection xmlns="http://www.loc.gov/MARC21/slim"><record><leader>00521nam--2200193-u-4500</leader><controlfield tag="001">000052426</controlfield><controlfield tag="002">20161230</controlfield><controlfield tag="005">20161230201050</controlfield><controlfield tag="008">100708s1000------------r-----000-0-rus-d</controlfield><datafield ind1=" " ind2=" " tag="040"><subfield code="a">IFIN-HH</subfield></datafield><datafield ind1=" " ind2=" " tag="041"><subfield code="a">rus</subfield></datafield><datafield ind1=" " ind2=" " tag="080"><subfield code="a">531/534</subfield></datafield><datafield ind1="1" ind2=" " tag="100"><subfield code="a">Kilicevskii, N.A</subfield></datafield><datafield ind1="1" ind2="0" tag="245"><subfield code="a">Analiticeskaia mehanika kontinualnih sistem</subfield><subfield code="c">N.A. Kilicevskii, G.A. Kilicevskaia, N.E. Tkacenko</subfield></datafield><datafield ind1=" " ind2=" " tag="260"><subfield code="a">Kiev</subfield><subfield code="b">Naukova dumka</subfield><subfield code="c">1979</subfield></datafield><datafield ind1=" " ind2=" " tag="300"><subfield code="a">188 p</subfield></datafield><datafield ind1="1" ind2=" " tag="700"><subfield code="a">Tkacenko, N.E</subfield></datafield><datafield ind1=" " ind2=" " tag="852"><subfield code="a">77546</subfield><subfield code="c">531</subfield></datafield><datafield ind1=" " ind2=" " tag="CAT"><subfield code="a">Sys</subfield><subfield code="c">20100708</subfield><subfield code="h">130100</subfield></datafield></record></collection>